<?xml version="1.0" encoding="utf-8"?>
<record xmlns="http://www.loc.gov/MARC21/slim" xmlns:xsi="http://www.w3.org/2001/XMLSchema-instance" xsi:schemaLocation="http://www.loc.gov/MARC21/slim http://www.loc.gov/standards/marcxml/schema/MARC21slim.xsd">
	<leader>     nam a22        4500</leader>
	<controlfield tag="001">b12473947</controlfield>
	<controlfield tag="003">LeBAU</controlfield>
	<controlfield tag="006">m        d        </controlfield>
	<controlfield tag="007">cr cn |||m|||a</controlfield>
	<controlfield tag="008">180126s1933    le      o     ||0 0 ara d</controlfield>
	<datafield ind1=" " ind2=" " tag="040">
		<subfield code="a">NNU</subfield>
		<subfield code="b">ara</subfield>
		<subfield code="e">rda</subfield>
		<subfield code="c">NNU</subfield>
	</datafield>
	<datafield ind1="0" ind2="4" tag="082">
		<subfield code="a">398.21</subfield>
		<subfield code="2">22</subfield>
	</datafield>
	<datafield ind1="0" ind2=" " tag="100">
		<subfield code="6">880-01</subfield>
		<subfield code="a">Baydabā,</subfield>
		<subfield code="e">author.</subfield>
	</datafield>
	<datafield ind1="1" ind2="0" tag="245">
		<subfield code="6">880-02</subfield>
		<subfield code="a">Kalīlah wa-Dimnah /</subfield>
		<subfield code="c">li-Baydbā al-Faylasūf al-Hindī ; ta‘rīb ‘Abd Allāh ibn al-Muqaffa‘.</subfield>
	</datafield>
	<datafield ind1=" " ind2=" " tag="250">
		<subfield code="6">880-03</subfield>
		<subfield code="a">Ṭab‘ah jadīdah munaqqaḥah.</subfield>
	</datafield>
	<datafield ind1=" " ind2="1" tag="264">
		<subfield code="6">880-04</subfield>
		<subfield code="a">Bayrūt :</subfield>
		<subfield code="b">Maktabat Ṣādir,</subfield>
		<subfield code="c">1933.</subfield>
	</datafield>
	<datafield ind1=" " ind2=" " tag="300">
		<subfield code="6">880-05</subfield>
		<subfield code="a">online resource (272 pages)</subfield>
	</datafield>
	<datafield ind1=" " ind2=" " tag="336">
		<subfield code="a">text</subfield>
		<subfield code="2">rdacontent</subfield>
	</datafield>
	<datafield ind1=" " ind2=" " tag="337">
		<subfield code="a">computer</subfield>
		<subfield code="2">rdamedia</subfield>
	</datafield>
	<datafield ind1=" " ind2=" " tag="338">
		<subfield code="a">online resource</subfield>
		<subfield code="2">rdacarrier</subfield>
	</datafield>
	<datafield ind1=" " ind2=" " tag="500">
		<subfield code="a">Part of the Arabic Collections Online (ACO) project, contributed by American University of Beirut's Jafet Memorial Library.</subfield>
	</datafield>
	<datafield ind1=" " ind2=" " tag="533">
		<subfield code="a">Electronic reproduction.</subfield>
		<subfield code="b">New York, N.Y. :</subfield>
		<subfield code="c">New York University,</subfield>
		<subfield code="d">2018.</subfield>
		<subfield code="5">NNU</subfield>
	</datafield>
	<datafield ind1=" " ind2="4" tag="650">
		<subfield code="a">الخرافات الحيوانية</subfield>
		<subfield code="v">اعمال قديمة حتى 1800.</subfield>
	</datafield>
	<datafield ind1=" " ind2="0" tag="650">
		<subfield code="a">Fables</subfield>
		<subfield code="v">Early works to 1800.</subfield>
	</datafield>
	<datafield ind1="0" ind2=" " tag="700">
		<subfield code="6">880-06</subfield>
		<subfield code="a">Ibn al-Muqaffaʻ,</subfield>
		<subfield code="d">-approximately 760,</subfield>
		<subfield code="e">translator.</subfield>
	</datafield>
	<datafield ind1="2" ind2=" " tag="710">
		<subfield code="a">Jafet Memorial Library.</subfield>
	</datafield>
	<datafield ind1="0" ind2=" " tag="730">
		<subfield code="a">Arabic Collections Online.</subfield>
	</datafield>
	<datafield ind1="0" ind2=" " tag="775">
		<subfield code="6">880-07</subfield>
		<subfield code="t">Kalīlah wa-Dimnah.</subfield>
		<subfield code="b">al-Ṭab‘ah al-khāmisah</subfield>
		<subfield code="d">Miṣr : al-Maktabah al-Tijārīyah al-Kubrá, [between 1935 and 1950]</subfield>
		<subfield code="w">(OCoLC)784505897</subfield>
		<subfield code="w">(OCoLC)784505897</subfield>
	</datafield>
	<datafield ind1="0" ind2=" " tag="775">
		<subfield code="6">880-08</subfield>
		<subfield code="t">Kitāb Kalīlah wa-dimnah</subfield>
		<subfield code="d">Bayrūt : Dār Ṣa‘b, 1980</subfield>
		<subfield code="w">b17559364</subfield>
	</datafield>
	<datafield ind1="0" ind2=" " tag="775">
		<subfield code="6">880-09</subfield>
		<subfield code="t">Kalīlah wa-dimnah</subfield>
		<subfield code="d">Bayrūt : al-Sharikah al-Lubnānīyah lil-Kitāb, 1969</subfield>
		<subfield code="w">(OCoLC)784333493</subfield>
		<subfield code="w">(OCoLC)784333493</subfield>
	</datafield>
	<datafield ind1="0" ind2=" " tag="775">
		<subfield code="6">880-10</subfield>
		<subfield code="t">Kalīlah wa-dimnah</subfield>
		<subfield code="d">Bayrūt : al-Maṭba‘ah al-‘Ilmīyah, 1896</subfield>
		<subfield code="w">(OCoLC)784555632</subfield>
		<subfield code="w">(OCoLC)784555632</subfield>
	</datafield>
	<datafield ind1="0" ind2=" " tag="775">
		<subfield code="6">880-11</subfield>
		<subfield code="t">Aqdam nuskhah makhṭūṭah mu’arrakhah li-kitāb Kalīlah wa-Dimnah</subfield>
		<subfield code="d">Bayrūt : Maṭba‘at al-Ābā’ al-Yasū‘īyīn, 1923</subfield>
		<subfield code="w">(OCoLC)784549125</subfield>
		<subfield code="w">(OCoLC)784549125</subfield>
	</datafield>
	<datafield ind1="0" ind2=" " tag="775">
		<subfield code="6">880-12</subfield>
		<subfield code="t">Kitāb Kalīlah wa-dimnah</subfield>
		<subfield code="d">Miṣr : Maṭba‘at al-Ma‘ārif wa-Maktabatuhā, 1941</subfield>
		<subfield code="w">(OCoLC)784505902</subfield>
		<subfield code="w">(OCoLC)784505902 </subfield>
	</datafield>
	<datafield ind1="0" ind2=" " tag="775">
		<subfield code="6">880-13</subfield>
		<subfield code="t">Kitāb Kalīlah wa-dimnah</subfield>
		<subfield code="d">Bayt al-Dīn : Maṭba‘at Mulḥim Najjār al-Lubnānīyah, 1868</subfield>
		<subfield code="w">(OCoLC)936117240</subfield>
		<subfield code="w">(OCoLC)936117240</subfield>
	</datafield>
	<datafield ind1="0" ind2=" " tag="775">
		<subfield code="6">880-14</subfield>
		<subfield code="t">Kitāb Kalīlah wa-dimnah.</subfield>
		<subfield code="b">Bayrūt : Dār al-Andalus, 1382 H. = 1963 M.</subfield>
		<subfield code="d">بيروت : دار الأندلس، 1382 هـ. = 1963 م.</subfield>
		<subfield code="w">(OCoLC)</subfield>
		<subfield code="w">(OCoLC)</subfield>
	</datafield>
	<datafield ind1="0" ind2="8" tag="776">
		<subfield code="i">Print version:</subfield>
		<subfield code="a">Baydabā, author.</subfield>
		<subfield code="t">Kalīlah wa-Dimnah</subfield>
		<subfield code="w">(LeBAU)b12473947</subfield>
	</datafield>
	<datafield ind1="4" ind2="0" tag="856">
		<subfield code="u">http://hdl.handle.net/2333.1/1c5b02d0</subfield>
	</datafield>
	<datafield ind1="0" ind2=" " tag="880">
		<subfield code="6">100-01/(3/r</subfield>
		<subfield code="a">بيدبا،</subfield>
		<subfield code="e">مؤلف. </subfield>
		<subfield code="4">aut.</subfield>
	</datafield>
	<datafield ind1="1" ind2="0" tag="880">
		<subfield code="6">245-02/(3/r</subfield>
		<subfield code="a">كليلة ودمنة /</subfield>
		<subfield code="c">لبيدبا الفيلسوف الهندي ؛ تعريب عبد الله بن المقفع.</subfield>
	</datafield>
	<datafield ind1=" " ind2=" " tag="880">
		<subfield code="6">250-03/(3/r</subfield>
		<subfield code="a">طبعة جديدة منقحة.</subfield>
	</datafield>
	<datafield ind1=" " ind2="1" tag="880">
		<subfield code="6">264-04/(3/r</subfield>
		<subfield code="a">بيروت :</subfield>
		<subfield code="b">مكتبة صادر،</subfield>
		<subfield code="c">1933.</subfield>
	</datafield>
	<datafield ind1=" " ind2=" " tag="880">
		<subfield code="6">300-05/(3/r</subfield>
		<subfield code="a">272 صفحة ؛</subfield>
		<subfield code="c">20 سم</subfield>
	</datafield>
	<datafield ind1="0" ind2=" " tag="880">
		<subfield code="6">700-06/(3/r</subfield>
		<subfield code="a">ابن المقفع،</subfield>
		<subfield code="d">-حوالي 760،</subfield>
		<subfield code="e">مترجم. </subfield>
		<subfield code="4">trl.</subfield>
	</datafield>
	<datafield ind1="0" ind2=" " tag="880">
		<subfield code="6">775-07/(3/r</subfield>
		<subfield code="t">كليلة ودمنة.</subfield>
		<subfield code="b">الطبعة الخامسة</subfield>
		<subfield code="d">مصر : المكتبة التجارية الكبرى، [ما بين 1935 و 1950؟]</subfield>
		<subfield code="w">b12761679</subfield>
		<subfield code="w">(OCoLC)784505897</subfield>
	</datafield>
	<datafield ind1="0" ind2=" " tag="880">
		<subfield code="6">775-08/(3/r</subfield>
		<subfield code="t">كتاب كليلة ودمنة</subfield>
		<subfield code="d">بيروت : دار صعب، 1980</subfield>
		<subfield code="w">b17559364</subfield>
	</datafield>
	<datafield ind1="0" ind2=" " tag="880">
		<subfield code="6">775-09/(3/r</subfield>
		<subfield code="t">كليلة ودمنة</subfield>
		<subfield code="d">بيروت : الشركة اللبنانية للكتاب، 1969</subfield>
		<subfield code="w">b12473844</subfield>
		<subfield code="w">(OCoLC)784333493</subfield>
	</datafield>
	<datafield ind1="0" ind2=" " tag="880">
		<subfield code="6">775-10/(3/r</subfield>
		<subfield code="t">كليلة ودمنة</subfield>
		<subfield code="d">بيروت : المطبعة العلمية، 1896</subfield>
		<subfield code="w">b13514696</subfield>
		<subfield code="w">(OCoLC)784555632</subfield>
	</datafield>
	<datafield ind1="0" ind2=" " tag="880">
		<subfield code="6">775-11/(3/r</subfield>
		<subfield code="t">أقدم نسخة مخطوطة مؤرخة لكتاب كليلة ودمنة</subfield>
		<subfield code="d">بيروت : مطبعة الآباء اليسوعيين، 1923 </subfield>
		<subfield code="w">b13348838</subfield>
		<subfield code="w">(OCoLC)784549125</subfield>
	</datafield>
	<datafield ind1="0" ind2=" " tag="880">
		<subfield code="6">775-12/(3/r</subfield>
		<subfield code="t">كتاب كليلة ودمنة</subfield>
		<subfield code="d">مصر : مطبعة المعارف ومكتبتها، 1941</subfield>
		<subfield code="w">b12761692</subfield>
		<subfield code="w">(OCoLC)784505902</subfield>
	</datafield>
	<datafield ind1="0" ind2=" " tag="880">
		<subfield code="6">775-13/(3/r</subfield>
		<subfield code="t">كتاب كليلة ودمنة</subfield>
		<subfield code="d">بيت الدين : مطبعة ملحم نجار اللبنانية، 1868</subfield>
		<subfield code="w">b17665589</subfield>
		<subfield code="w">(OCoLC)936117240</subfield>
	</datafield>
	<datafield ind1="0" ind2=" " tag="880">
		<subfield code="6">775-14/(3/r</subfield>
		<subfield code="t">كتاب كليلة ودمنة.</subfield>
		<subfield code="b">الطبعة الأولى</subfield>
		<subfield code="w">b18374797</subfield>
		<subfield code="w">(OCoLC)</subfield>
	</datafield>
	<datafield ind1=" " ind2=" " tag="959">
		<subfield code="a">NNU</subfield>
		<subfield code="b">WEB</subfield>
		<subfield code="c">GENI</subfield>
		<subfield code="t">0</subfield>
		<subfield code="m">Electronic access</subfield>
		<subfield code="s">01</subfield>
	</datafield>
	<datafield ind1=" " ind2=" " tag="999">
		<subfield code="i">LeBAU_b12473947</subfield>
		<subfield code="s">aub_aco001512</subfield>
		<subfield code="e">(ERROR-MISC)</subfield>
	</datafield>
</record>
